@article{wehner98,
author = "M. Collett and T. S. Collett and S. Bisch and R. Wehner",
title = "Local and global vectors in desert ant navigation",
journal = "Letters to nature",
year = "1998"
}
@article{wehner03,
author = "R. Wehner",
title = "Desert ant navigation: how miniature brains solve complex tasks",
journal = "Karl von Frisch Lecture",
year = "2003"
}
@article{wehner88,
author = "M. MÃ¼ller and R. Wehner",
title = "Path integration in desert ants, Cataglyphis fortis",
journal = "Proc. Nati. Acad. Sci. USA",
year = "1988"
}
