% This file was created with JabRef 2.6.
% Encoding: Cp1252

@ARTICLE{wiki1,
  author = {Wikipedia contributors},
  title = {Graph theory:
	
	(http://en.wikipedia.org/w/index.php?title=Graph\_theory\&oldid=465959034)},
  journal = {Wikipedia, The Free Encyclopedia.},
  year = {15.12.2011},
  timestamp = {2011.12.14},
  url = {http://en.wikipedia.org/w/index.php?title=Graph\_theory&oldid=465959034}
}

@ARTICLE{wiki2,
  author = {Wikipedia contributors},
  title = {Ant colony optimization algorithms:
	
	(http://en.wikipedia.org/w/index.php?title=Ant\_colony\_optimization\_algorithms\&oldid=459281208)},
  journal = {Wikipedia, The Free Encyclopedia.},
  year = {06.11.2011},
  timestamp = {2011.12.14},
  url = {http://en.wikipedia.org/w/index.php?title=Ant\_colony\_optimization\_algorithms&oldid=459281208}
}

@ARTICLE{kreis,
  author = {Martina Bisculm},
  title = {Warum Menschen immer im Kreis laufen:
	
	(http://wissenschaft.de/wissenschaft/news/306514.html)},
  journal = {ddp/wissenschaft.de},
  year = {21.08.2009},
  timestamp = {2011.12.15},
  url = {http://wissenschaft.de/wissenschaft/news/306514.html}
}

@ARTICLE{wehner98,
  author = {M. Collett and T. S. Collett and S. Bisch and R. Wehner},
  title = {Local and global vectors in desert ant navigation},
  journal = {Letters to nature},
  year = {1998}
}

@ARTICLE{soms,
  author = {K. Donnay and S. Balietti},
  title = {www.soms.ethz.ch/teaching/MatlabFall11
	
	Lecture 5 -- Agent-based Modeling / Game Theory},
  year = {15.12.2011},
  timestamp = {2011.12.15}
}

@ARTICLE{wehner88,
  author = {M. M\"uller and R. Wehner},
  title = {Path integration in desert ants, Cataglyphis fortis},
  journal = {Proc. Nati. Acad. Sci. USA},
  year = {1988}
}

@ARTICLE{wehner03,
  author = {R. Wehner},
  title = {Desert ant navigation: how miniature brains solve complex tasks},
  journal = {Karl von Frisch Lecture},
  year = {2003}
}

